@book{Sako2021,
    title={ゲージ理論・一般相対性理論のための 微分幾何入門},
    author={佐古彰史},
    year={2021},
    month={9},
    publisher={森北出版株式会社},
    address={東京都},
    ibsn={978-4-627-07851-2},
    url={\url{https://www.morikita.co.jp/books/mid/007851}}
}
@book{Matsumoto1988,
    title={多様体の基礎},
    author={松本幸夫},
    year={1988},
    publisher={東京大学出版会},
    address={東京都},
    ibsn={978-4-13-062103-8},
    url={\url{http://www.utp.or.jp/book/b302120.html}}
}
@book{Nakahara2018,
    title={理論物理学のための幾何学とトポロジーI },
    author={中原幹夫},
    year={2018},
    month={11},
    publisher={日本評論社},
    address={東京都},
    ibsn={978-4-535-78806-0},
    url={\url{https://www.nippyo.co.jp/shop/book/7906.html}}
}